@article{hernandez2014recoleccion,
  title={Recolecci{\'o}n de datos cuantitativos},
  author={Hern{\'a}ndez Roberto and Fern{\'a}ndez C and Baptista P},
  journal={Metodolog{\'\i}a de la investigaci{\'o}n},
  volume={6},
  pages={196--267},
  year={2014},
  publisher={McGraw-Hill M{\'e}xico}
}
@article{langheinrich2017enhanced,
  title={An Enhanced Algorithm for Automatic Radiometric Harmonization of High-Resolution Optical Satellite Imagery Using Pseudoinvariant Features and Linear Regression},
  author={Langheinrich, Maximilian and Fischer, Peter and Probeck, Markus and Ramminger, Gernot and Wagner, Thomas and Krau{\ss}, Thomas},
  journal={The International Archives of the Photogrammetry, Remote Sensing and Spatial Information Sciences},
  volume={42},
  pages={115--120},
  year={2017},
  publisher={Copernicus GmbH}
}
@article{estrella2021spectral,
  title={Spectral decomposition of remote sensing reflectance variance due to the spatial variability from ocean color and high-resolution satellite sensors},
  author={Estrella, Eder Herrera and Gilerson, Alexander and Foster, Robert and Groetsch, Philipp},
  journal={Journal of Applied Remote Sensing},
  volume={15},
  number={2},
  pages={024522--024522},
  year={2021},
  publisher={Society of Photo-Optical Instrumentation Engineers}
}
@article{adeniran2022cross,
  title={Cross-Comparison between Sun-Synchronized and Geostationary Satellite-Derived Land Surface Temperature: A Case Study in Hong Kong},
  author={Adeniran, Ibrahim Ademola and Zhu, Rui and Yang, Jinxin and Zhu, Xiaolin and Wong, Man Sing},
  journal={Remote Sensing},
  volume={14},
  number={18},
  pages={4444},
  year={2022},
  publisher={MDPI}
}
@article{vosinakis2022data,
  title={Data Integration, Harmonization and Provision Toolkit for Water Resource Management and Prediction Support},
  author={Vosinakis, Georgios and Maltezos, Evangelos and Krommyda, Maria and Ouzounoglou, Eleftherios and Amditis, Angelos},
  journal={WIT Transactions on The Built Environment},
  volume={208},
  pages={81--92},
  year={2022},
  publisher={WIT Press}
}
@article{ichikawa2022development,
  title={Development and Utilization of a Mirror Array Target for the Calibration and Harmonization of Micro-Satellite Imagery},
  author={Ichikawa, Dorj and Nagai, Masahiko and Tamkuan, Nopphawan and Katiyar, Vaibhav and Eguchi, Tsuyoshi and Nagai, Yumiko},
  journal={Remote Sensing},
  volume={14},
  number={22},
  pages={5717},
  year={2022},
  publisher={MDPI}
}
@article{ghaffarian2021effect,
  title={Effect of attention mechanism in deep learning-based remote sensing image processing: A systematic literature review},
  author={Ghaffarian, Saman and Valente, Jo{\~a}o and Van Der Voort, Mariska and Tekinerdogan, Bedir},
  journal={Remote Sensing},
  volume={13},
  number={15},
  pages={2965},
  year={2021},
  publisher={MDPI}
}
@article{wang2022review,
  title={A review of image super-resolution approaches based on deep learning and applications in remote sensing},
  author={Wang, Xuan and Yi, Jinglei and Guo, Jian and Song, Yongchao and Lyu, Jun and Xu, Jindong and Yan, Weiqing and Zhao, Jindong and Cai, Qing and Min, Haigen},
  journal={Remote Sensing},
  volume={14},
  number={21},
  pages={5423},
  year={2022},
  publisher={MDPI}
}
@article{saunier2022sen2like,
  title={Sen2Like: Paving the Way towards Harmonization and Fusion of Optical Data},
  author={Saunier, S{\'e}bastien and Pflug, Bringfried and Lobos, Italo Moletto and Franch, Belen and Louis, J{\'e}r{\^o}me and De Los Reyes, Raquel and Debaecker, Vincent and Cadau, Enrico G and Boccia, Valentina and Gascon, Ferran and others},
  journal={Remote Sensing},
  volume={14},
  number={16},
  pages={3855},
  year={2022},
  publisher={MDPI}
}
@article{zhao2022framework,
  title={A framework of generating land surface reflectance of China early Landsat MSS images by visibility data and its evaluation},
  author={Zhao, Cong and Wu, Zihua and Qin, Qiming and Ye, Xin},
  journal={Remote Sensing},
  volume={14},
  number={8},
  pages={1802},
  year={2022},
  publisher={MDPI}
}
@article{hoque2022arithfusion,
  title={Arithfusion: An arithmetic deep model for temporal remote sensing image fusion},
  author={Hoque, Md Reshad Ul and Wu, Jian and Kwan, Chiman and Koperski, Krzysztof and Li, Jiang},
  journal={Remote Sensing},
  volume={14},
  number={23},
  pages={6160},
  year={2022},
  publisher={MDPI}
}
@article{shao2019deep,
  title={Deep learning-based fusion of Landsat-8 and Sentinel-2 images for a harmonized surface reflectance product},
  author={Shao, Zhenfeng and Cai, Jiajun and Fu, Peng and Hu, Leiqiu and Liu, Tao},
  journal={Remote Sensing of Environment},
  volume={235},
  pages={111425},
  year={2019},
  publisher={Elsevier}
}
@article{kokhanovsky2019retrieval,
  title={Retrieval of snow properties from the Sentinel-3 Ocean and Land Colour Instrument},
  author={Kokhanovsky, Alexander and Lamare, Maxim and Danne, Olaf and Brockmann, Carsten and Dumont, Marie and Picard, Ghislain and Arnaud, Laurent and Favier, Vincent and Jourdain, Bruno and Le Meur, Emmanuel and others},
  journal={Remote Sensing},
  volume={11},
  number={19},
  pages={2280},
  year={2019},
  publisher={MDPI}
}
@article{peng2017dual,
  title={Dual temporal scale convolutional neural network for micro-expression recognition},
  author={Peng, Min and Wang, Chongyang and Chen, Tong and Liu, Guangyuan and Fu, Xiaolan},
  journal={Frontiers in psychology},
  volume={8},
  pages={1745},
  year={2017},
  publisher={Frontiers Media SA}
}
@article{storey2016note,
  title={A note on the temporary misregistration of Landsat-8 Operational Land Imager (OLI) and Sentinel-2 Multi Spectral Instrument (MSI) imagery},
  author={Storey, James and Roy, David P and Masek, Jeffrey and Gascon, Ferran and Dwyer, John and Choate, Michael},
  journal={Remote Sensing of Environment},
  volume={186},
  pages={121--122},
  year={2016},
  publisher={Elsevier}
}
@article{wolfe2002achieving,
  title={Achieving sub-pixel geolocation accuracy in support of MODIS land science},
  author={Wolfe, Robert E and Nishihama, Masahiro and Fleig, Albert J and Kuyper, James A and Roy, David P and Storey, James C and Patt, Fred S},
  journal={Remote Sensing of Environment},
  volume={83},
  number={1-2},
  pages={31--49},
  year={2002},
  publisher={Elsevier}
}
@article{yan2018sentinel,
  title={Sentinel-2A multi-temporal misregistration characterization and an orbit-based sub-pixel registration methodology},
  author={Yan, L and Roy, DP and Li, Z and Zhang, HK and Huang, H},
  journal={Remote sensing of environment},
  volume={215},
  pages={495--506},
  year={2018},
  publisher={Elsevier}
}
@article{roy2000impact,
  title={The impact of misregistration upon composited wide field of view satellite data and implications for change detection},
  author={Roy, David P},
  journal={IEEE Transactions on geoscience and remote sensing},
  volume={38},
  number={4},
  pages={2017--2032},
  year={2000},
  publisher={IEEE}
}
@article{ghassemian2016review,
  title={A review of remote sensing image fusion methods},
  author={Ghassemian, Hassan},
  journal={Information Fusion},
  volume={32},
  pages={75--89},
  year={2016},
  publisher={Elsevier}
}
@article{javan2021review,
  title={A review of image fusion techniques for pan-sharpening of high-resolution satellite imagery},
  author={Javan, Farzaneh Dadrass and Samadzadegan, Farhad and Mehravar, Soroosh and Toosi, Ahmad and Khatami, Reza and Stein, Alfred},
  journal={ISPRS journal of photogrammetry and remote sensing},
  volume={171},
  pages={101--117},
  year={2021},
  publisher={Elsevier}
}
@article{li2017pixel,
  title={Pixel-level image fusion: A survey of the state of the art},
  author={Li, Shutao and Kang, Xudong and Fang, Leyuan and Hu, Jianwen and Yin, Haitao},
  journal={information Fusion},
  volume={33},
  pages={100--112},
  year={2017},
  publisher={Elsevier}
}
@article{zitova2003image,
  title={Image registration methods: a survey},
  author={Zitova, Barbara and Flusser, Jan},
  journal={Image and vision computing},
  volume={21},
  number={11},
  pages={977--1000},
  year={2003},
  publisher={Elsevier}
}
@article{chen2003mutual,
  title={Mutual information-based image registration for remote sensing data},
  author={Chen, H-M and Arora, Manoj K and Varshney, Pramod K},
  journal={International Journal of Remote Sensing},
  volume={24},
  number={18},
  pages={3701--3706},
  year={2003},
  publisher={Taylor \& Francis}
}
@article{drusch2012sentinel,
  title={Sentinel-2: ESA's optical high-resolution mission for GMES operational services},
  author={Drusch, Matthias and Del Bello, Umberto and Carlier, S{\'e}bastien and Colin, Olivier and Fernandez, Veronica and Gascon, Ferran and Hoersch, Bianca and Isola, Claudia and Laberinti, Paolo and Martimort, Philippe and others},
  journal={Remote sensing of Environment},
  volume={120},
  pages={25--36},
  year={2012},
  publisher={Elsevier}
}
@article{chastain2019empirical,
  title={Empirical cross sensor comparison of Sentinel-2A and 2B MSI, Landsat-8 OLI, and Landsat-7 ETM+ top of atmosphere spectral characteristics over the conterminous United States},
  author={Chastain, Robert and Housman, Ian and Goldstein, Joshua and Finco, Mark and Tenneson, Karis},
  journal={Remote sensing of environment},
  volume={221},
  pages={274--285},
  year={2019},
  publisher={Elsevier}
}
@article{claverie2018harmonized,
  title={The Harmonized Landsat and Sentinel-2 surface reflectance data set},
  author={Claverie, Martin and Ju, Junchang and Masek, Jeffrey G and Dungan, Jennifer L and Vermote, Eric F and Roger, Jean-Claude and Skakun, Sergii V and Justice, Christopher},
  journal={Remote sensing of environment},
  volume={219},
  pages={145--161},
  year={2018},
  publisher={Elsevier}
}
@article{flood2014continuity,
  title={Continuity of reflectance data between Landsat-7 ETM+ and Landsat-8 OLI, for both top-of-atmosphere and surface reflectance: a study in the Australian landscape},
  author={Flood, Neil},
  journal={Remote Sensing},
  volume={6},
  number={9},
  pages={7952--7970},
  year={2014},
  publisher={MDPI}
}
@article{roy2016general,
  title={A general method to normalize Landsat reflectance data to nadir BRDF adjusted reflectance},
  author={Roy, David P and Zhang, HK and Ju, Junchang and Gomez-Dans, Jose Luis and Lewis, Philip E and Schaaf, CB and Sun, Qingsong and Li, Jian and Huang, Haiyan and Kovalskyy, V},
  journal={Remote Sensing of Environment},
  volume={176},
  pages={255--271},
  year={2016},
  publisher={Elsevier}
}
@article{roy2016characterization,
  title={Characterization of Landsat-7 to Landsat-8 reflective wavelength and normalized difference vegetation index continuity},
  author={Roy, David P and Kovalskyy, V and Zhang, HK and Vermote, Eric F and Yan, L and Kumar, SS and Egorov, A},
  journal={Remote sensing of Environment},
  volume={185},
  pages={57--70},
  year={2016},
  publisher={Elsevier}
}
@article{filella1994red,
  title={The red edge position and shape as indicators of plant chlorophyll content, biomass and hydric status.},
  author={Filella, I and Penuelas, J 1},
  journal={International journal of remote sensing},
  volume={15},
  number={7},
  pages={1459--1470},
  year={1994},
  publisher={Taylor \& Francis}
}
@article{Charalampakis2010,
author = {Charalampakis, A E},
file = {:C\:/Users/EFE-COMAS2/AppData/Local/Mendeley Ltd./Mendeley Desktop/Downloaded/Charalampakis - 2010 - Parameters of Bouc-Wen hysteretic model revisited.pdf:pdf},
journal = {Proceedings of the 9h HSTAM International Congress on Mechanics},
title = {{Parameters of Bouc-Wen hysteretic model revisited}},
year = {2010}
}
@article{Constantinou1993,
author = {Constantinou, M C and Symans, M D},
file = {:C\:/Users/EFE-COMAS2/AppData/Local/Mendeley Ltd./Mendeley Desktop/Downloaded/Constantinou, Symans - 1993 - Experimental study of seismic response of buildings with supplemental fluid dampers.pdf:pdf},
journal = {The Structural Design of Tall Buildings},
keywords = {direction of ground acceleration,dynamic earth pressure,horizontal acceleration of tunnel,seismic settlement,shaking table test},
number = {2},
pages = {93--132},
title = {{Experimental study of seismic response of buildings with supplemental fluid dampers}},
volume = {2},
year = {1993}
}
@article{belgiu2016random,
  title={Random forest in remote sensing: A review of applications and future directions},
  author={Belgiu, Mariana and Dr{\u{a}}gu{\c{t}}, Lucian},
  journal={ISPRS journal of photogrammetry and remote sensing},
  volume={114},
  pages={24--31},
  year={2016},
  publisher={Elsevier}
}
@article{nami2018spatial,
  title={Spatial prediction of wildfire probability in the Hyrcanian ecoregion using evidential belief function model and GIS},
  author={Nami, MH and Jaafari, A and Fallah, M and Nabiuni, S},
  journal={International journal of environmental science and technology},
  volume={15},
  pages={373--384},
  year={2018},
  publisher={Springer}
}
@article{gigovic2019testing,
  title={Testing a new ensemble model based on SVM and random forest in forest fire susceptibility assessment and its mapping in Serbia’s Tara National Park},
  author={Gigovi{\'c}, Ljubomir and Pourghasemi, Hamid Reza and Drobnjak, Sini{\v{s}}a and Bai, Shibiao},
  journal={Forests},
  volume={10},
  number={5},
  pages={408},
  year={2019},
  publisher={MDPI}
}
@article{sampieri2018metodologia,
  title={Metodologia de la investigacion las rutas cuantativa, cualitativa y mixta},
  author={Sampieri, R and Mendoza, C},
  journal={Metodologia de la investigacion. Las rutas cuantitativa, cualitativa y mixta},
  year={2018}
}
@misc{Bridgestone2015,
address = {Tokio},
author = {Bridgestone},
file = {:C\:/Users/EFE-COMAS2/AppData/Local/Mendeley Ltd./Mendeley Desktop/Downloaded/Bridgestone - 2015 - Seismic isolation product line-up.pdf:pdf},
title = {{Seismic isolation product line-up}},
volume = {1},
year = {2015}
}
@misc{LightGlue2023,
    author = {CVG},
    title = {{LightGlue: Local Feature Matching at Light Speed (ICCV 2023)}},
    year = {2023},
    url = {https://github.com/cvg/LightGlue},
    note = {Apache-2.0 license}
}
@misc{Landsat2023,
  author = {USGS},
  title = {Spectral Characteristics Viewer},
  year = {2023},
  url = {https://landsat.usgs.gov/spectral-characteristics-viewer}
}
@misc{USGS2023,
  author = {USGS},
  title = {Landsat Missions},
  year = {2023},
  url = {https://www.usgs.gov/landsat-missions}
}
@misc{Kalita2022,
  author = {Kalita, Debasish},
  title = {Basics of CNN in Deep Learning},
  year = {2022},
  url = {https://www.analyticsvidhya.com/blog/2022/03/basics-of-cnn-in-deep-learning/}
}
@book{landsat_legacy,
  title     = {Landsat Legacy: Sustaining a Critical Remote Sensing Program},
  author    = {National Research Council},
  year      = {2013},
  publisher = {The National Academies Press},
  address   = {Washington, DC},
  isbn      = {978-0-309-28946-1},
  url       = {https://doi.org/10.17226/18420}
}
@book{Skinner1993,
author = {Skinner, R. I. and Robinson, W. H. and McVerry, G. H.},
file = {:C\:/Users/EFE-COMAS2/AppData/Local/Mendeley Ltd./Mendeley Desktop/Downloaded/Skinner, Robinson, McVerry - 1993 - An introduction to seismic isolation.pdf:pdf},
publisher = {John Wiley \& Sons},
title = {{An introduction to seismic isolation}},
year = {1993}
}
@book{Fenz2008,
author = {Fenz, Daniel M and Constantinou, Michael C},
file = {:C\:/Users/EFE-COMAS2/AppData/Local/Mendeley Ltd./Mendeley Desktop/Downloaded/Fenz, Constantinou - 2008 - Mechanical behavior of multi-spherical sliding bearings.pdf:pdf},
publisher = {Multidisciplinary Center for Earthquake Engineering Research},
title = {{Mechanical behavior of multi-spherical sliding bearings}},
year = {2008}
}
@book{Chopra2016,
address = {NJ, USA},
author = {Chopra, A. K.},
edition = {5th},
file = {:C\:/Users/EFE-COMAS2/AppData/Local/Mendeley Ltd./Mendeley Desktop/Downloaded/Chopra - 2016 - Dynamics of structures Theory and applications to earthquake engineering.pdf:pdf},
publisher = {Prentice Hall},
title = {{Dynamics of structures: Theory and applications to earthquake engineering}},
year = {2016}
}
@book{Taylor2019,
author = {Berquist, M and DePasquale, R and Frye, S and Gilani, A and Klembczyk, A},
file = {:C\:/Users/EFE-COMAS2/AppData/Local/Mendeley Ltd./Mendeley Desktop/Downloaded/Berquist et al. - 2019 - Fluid viscous dampers-general guidelines for engineers including a brief history.pdf:pdf},
publisher = {Taylor Devices Inc},
title = {{Fluid viscous dampers-general guidelines for engineers including a brief history}},
year = {2019}
}
@book{Kelly1999,
author = {Naeim, Farzad and Kelly, James M.},
file = {:C\:/Users/EFE-COMAS2/AppData/Local/Mendeley Ltd./Mendeley Desktop/Downloaded/Naeim, Kelly - 1999 - Design of seismic isolated structures from theory to practice.pdf:pdf},
publisher={John Wiley \& Sons},
title = {{Design of seismic isolated structures: from theory to practice}},
year = {1999}
}
@book{Goodfellow2016,
    title={Deep Learning},
    author={Ian Goodfellow and Yoshua Bengio and Aaron Courville},
    publisher={MIT Press},
    note={\url{http://www.deeplearningbook.org}},
    year={2016}
}

@phdthesis{Wu2001,
address = {Cambridge},
author = {Wu, Tai Chieh},
file = {:C\:/Users/EFE-COMAS2/AppData/Local/Mendeley Ltd./Mendeley Desktop/Downloaded/Wu - 2001 - Design of base isolation system for buildings.pdf:pdf},
school = {Massachusetts Institute of Technology},
title = {{Design of base isolation system for buildings}},
type = {Master thesis},
year = {2001}
}
@online{Stewart2019,
  author = {Stewart, M.},
  title = {The convolution operation},
  year = {2019},
  url = {https://towardsdatascience.com/simple-introduction-to-convolutional-neural-networks-cdf8d3077bac}
}
@inproceedings{ronneberger2015u,
  title={U-net: Convolutional networks for biomedical image segmentation},
  author={Ronneberger, Olaf and Fischer, Philipp and Brox, Thomas},
  booktitle={Medical Image Computing and Computer-Assisted Intervention--MICCAI 2015: 18th International Conference, Munich, Germany, October 5-9, 2015, Proceedings, Part III 18},
  pages={234--241},
  year={2015},
  organization={Springer}
}
@article{asdf,
  title={Zooming Out on Zooming In: Advancing Super-Resolution for Remote Sensing},
  author={Wolters, Piper and Bastani, Favyen and Kembhavi, Aniruddha},
  journal={arXiv preprint arXiv:2311.18082},
  year={2023}
}